%%%%%%%%%%%%%%%%%%%%%%%%%%%%%%%%%%%%%%%%%%%%%%%%%%%%%%%%%%%%%%%%%%%%%%%%%%%%%%%%
% Scientific Papers and Articles                                               %
%%%%%%%%%%%%%%%%%%%%%%%%%%%%%%%%%%%%%%%%%%%%%%%%%%%%%%%%%%%%%%%%%%%%%%%%%%%%%%%%
@article{p1,
	author = {J. Biskup},
	title = "{Achievements of Relational Database Schema Design Theory Revisited}",
	year = {1998},
	journal = {Semantics in Databases},
	pages = {29--54},
 	number = {1358},
	note = "\url{http://ls6-www.informatik.uni-dortmund.de/uploads/tx_ls6ext/Biskup_1998.ps.gz} (last visited August 2008)"
}


@inproceedings{p2,
	author = {Carol Helfgott LeDoux and Douglas Stott Parker, Jr.},
	title = "{Reflections on Boyce-Codd Normal Form}",
	booktitle = {VLDB '82: Proceedings of the 8th International Conference on Very Large Data Bases},
	year = {1982},
	isbn = {0-934613-14-1},
	pages = {131--141},
	publisher = {Morgan Kaufmann Publishers Inc.},
	address = {San Francisco, CA, USA},
}

@inproceedings{p3,
	author = {H. Mannila and K.-J. Raiha},
	title = "{Practical algorithms for finding prime attributes and testing normal forms}",
	booktitle = {PODS '89: Proceedings of the eighth ACM SIGACT-SIGMOD-SIGART symposium on Principles of database systems},
	year = {1989},
	isbn = {0-89791-308-6},
	pages = {128--133},
	location = {Philadelphia, Pennsylvania, United States},
	doi = {http://doi.acm.org/10.1145/73721.73734},
	publisher = {ACM},
	address = {New York, NY, USA},
}

@inproceedings{p4,
	author = {G. Gottlob},
	title = "{Computing covers for embedded functional dependencies}",
	booktitle = {PODS '87: Proceedings of the sixth ACM SIGACT-SIGMOD-SIGART symposium on Principles of database systems},
	year = {1987},
	isbn = {0-89791-223-3},
	pages = {58--69},
	location = {San Diego, California, United States},
	doi = {http://doi.acm.org/10.1145/28659.28665},
	publisher = {ACM},
	address = {New York, NY, USA},
}

@inproceedings{p5,
	author = {Catriel Beeri and Alberto O. Mendelzon and Yehoshua Sagiv and Jeffrey D. Ullman},
	title = "{Equivalence of relational database schemes}",
	booktitle = {STOC '79: Proceedings of the eleventh annual ACM symposium on Theory of computing},
	year = {1979},
	pages = {319--329},
	location = {Atlanta, Georgia, United States},
	doi = {http://doi.acm.org/10.1145/800135.804424},
	publisher = {ACM},
	address = {New York, NY, USA},
}

@inproceedings{p6,
	author = {Jorma Rissanen},
	title = "{On equivalences of database schemes}",
	booktitle = {PODS '82: Proceedings of the 1st ACM SIGACT-SIGMOD symposium on Principles of database systems},
	year = {1982},
	isbn = {0-89791-070-2},
	pages = {23--26},
	location = {Los Angeles, California},
	doi = {http://doi.acm.org/10.1145/588111.588116},
	publisher = {ACM},
	address = {New York, NY, USA},
}

@article{p7,
	author = {William Kent},
	title = "{A simple guide to five normal forms in relational database theory}",
	book = {Parallel architectures for database systems},
	year = {1989},
	isbn = {0-8186-8838-6},
	pages = {66--71},
	publisher = {IEEE Press},
	address = {Piscataway, NJ, USA},
	note = "\url{http://www.bkent.net/Doc/simple5.htm} (last visited August 2008)"
}

@inproceedings {p8,
	author = {Hsiang-jui Kung and Hui-lien Tung },
	title = "{A web-based tool to enhance teaching/learning database normalization}",
	booktitle = {Ninth Annual Conference of the Southern Association for Information Systems (SAIS)},
	year = {2006},
	month = {March},
	address = {Jacksonville, FL, USA},
%	note = "\url{http://sais.aisnet.org/2006/Kung-SAIS2006-paper.pdf} (last visited August 2008)"
}

@inproceedings{p9,
	author = {Ursula Dantin},
	title = "{Application of personas in user interface design for educational software}",
	booktitle = {ACE '05: Proceedings of the 7th Australasian conference on Computing education},
	year = {2005},
	isbn = {1-920682-24-4},
	pages = {239--247},
	location = {Newcastle, New South Wales, Australia},
	publisher = {Australian Computer Society, Inc.},
	address = {Darlinghurst, Australia, Australia},
}


@article{p10,
	author = {Douglas Frye and Elliot Soloway},
	title = "{Interface design: a neglected issue in educational software}",
	journal = {SIGCHI Bull.},
	volume = {17},
	number = {SI},
	year = {1987},
	issn = {0736-6906},
	pages = {93--97},
	doi = {http://doi.acm.org/10.1145/30851.30865},
	publisher = {ACM},
	address = {New York, NY, USA},
}

%%%%%%%%%%%%%%%%%%%%%%%%%%%%%%%%%%%%%%%%%%%%%%%%%%%%%%%%%%%%%%%%%%%%%%%%%%%%%%%%
% Books                                                                        %
%%%%%%%%%%%%%%%%%%%%%%%%%%%%%%%%%%%%%%%%%%%%%%%%%%%%%%%%%%%%%%%%%%%%%%%%%%%%%%%%

@book{bdb1,
	author = {Ramez Elmasri and Shamkant B. Navathe},
	title = "{Fundamentals of Database Systems (5th Edition)}",
	year = {2006},
	isbn = {0321369572},
	publisher = {Addison-Wesley Longman Publishing Co., Inc.},
	address = {Boston, MA, USA},
}

@book{bdb2,
	author = {A. Kemper und A. Eickler},
	title = "{Datenbanksysteme: Eine Einf\"uhrung, 6. Auflage}",
	year = {2006},
	isbn = {3486576909},
	publisher = {Oldenbourg Wissenschaftsverlag GmbH},
	address = {M\"unchen, Deutschland},
}

@book{bdb3,
	editor = {Serge Abiteboul and Richard Hull and Victor Vianu},
	title = "{Foundations of Databases}",
	year = {1995},
	isbn = {0201537710},
	publisher = {Addison-Wesley Longman Publishing Co., Inc.},
	address = {Boston, MA, USA},
}

@book{bdb4,
	author = {Abraham Silberschatz and Henry F. Korth and S. Sudarshan},
	title = "{Database Systems Concepts, 5th Edition}",
	year = {2006},
	isbn = {0072283637},
	publisher = {McGraw-Hill Higher Education},
	address = {New York, NY, USA}
}

@book{bgwt1,
	author = {Robert Hanson and Adam Tacy},
	title = "{GWT in Action: Easy Ajax with the Google Web Toolkit}",
	year = {2007},
	isbn = {1933988231},
	publisher = {Manning Publications},
	address = {Greenwich, CT, USA}
}

@book{bgwt2,
	author = {Ryan Dewsbury},
	title = "{Google Web Toolkit Applications}",
	year = {2007},
	isbn = {0321501969},
	publisher = {Addison-Wesley Professional},
	address = {Boston, MA, USA}
}

@book{bgwt3,
	author = {David Geary},
	title = "{Google Web Toolkit Solutions: More Cool \& Useful Stuff}",
	year = {2007},
	isbn = {0132344815},
	publisher = {Addison-Wesley Professional},
	address = {Boston, MA, USA}
}

@book{bajax1,
	author = {Chris Ullman and Lucinda Dykes},
	title = "{Beginning Ajax}",
	year = {2007},
	isbn = {9780470106754},
	publisher = {Wrox},
}


%%%%%%%%%%%%%%%%%%%%%%%%%%%%%%%%%%%%%%%%%%%%%%%%%%%%%%%%%%%%%%%%%%%%%%%%%%%%%%%%
% Web Links                                                                    %
%%%%%%%%%%%%%%%%%%%%%%%%%%%%%%%%%%%%%%%%%%%%%%%%%%%%%%%%%%%%%%%%%%%%%%%%%%%%%%%%

@misc{w1,
	title = "{Online Normalization Tool}",
	note = "\url{http://dbtools.cs.cornell.edu/} (last visited August 2008)"
}

@misc{wldbn,
	title = "{LDBN - Learn DataBase Normalization}",
	note = "\url{http://ldbnonline.com/} (last visited August 2008)"
}

@misc{wldbnp,
	title = "{LDBN Project Page}",
	note = "\url{http://ldbn.googlecode.com/} (last visited August 2008)"
}

@misc{wgwt,
	title = "{Google Web Toolkit}",
	note = "\url{http://code.google.com/webtoolkit/} (last visited August 2008)"
}

@misc{wjunit,
	title = "{JUnit}",
	note = "\url{http://www.junit.org/} (last visited August 2008)"
}

@misc{weclipse,
	title = "{Eclipse - an open development platform}",
	note = "\url{http://www.eclipse.org/} (last visited August 2008)"
}

@techreport(w2,
	title = "{Performance Impacts of AJAX Development}",
	author = {C. Merrill},
	year = {2006},
	month = {January},
	institution = {Web Performance, Inc.},
	note = "\url{http://www.webperformanceinc.com/library/reports/AjaxBandwidth/} (last visited August 2008)"
}

@inproceedings{wgio1,
	author = {Ray Cromwell},
	title = "{GWT Extreme}",
	booktitle = {Google I/O},
	year = {2008},
	location = {San Francisco, CA, USA},
	note = "\url{http://sites.google.com/site/io/gwt-extreme} (last visited August 2008)"
}

@inproceedings{wgio2,
	author = {Bruce Johnson},
	title = "{Faster-than-Possible Code: Deferred Binding with GWT}",
	booktitle = {Google I/O},
	year = {2008},
	location = {San Francisco, CA, USA},
	note = "\url{http://sites.google.com/site/io/faster-than-possible-code-deferred-binding-with-gwt} (last visited August 2008)"
}

@inproceedings{wgdd1,
	author = {Bruce Johnson and Joel Webber},
	title = "{Fast, Beautiful, Easy: Pick Three -- Building Web User Interfaces in the Java Programming Language with Google Web Toolkit}",
	booktitle = {Google Developer Day},
	year = {2007},
	location = {Mountain View, CA, USA},
	note = "\url{http://code.google.com/events/developerday/2007/mv-sessions.html} (last visited August 2008)"
}

@misc{walv2,
	title = "{Apache License, Version 2.0}",
	note = "\url{http://www.apache.org/licenses/LICENSE-2.0.html} (last visited August 2008)"
}


@misc{w3,
	title = "{July 2008 Web Server Survey}",
	note = "\url{http://news.netcraft.com/archives/web_server_survey.html} (last visited August 2008)"
}

@misc{w4,
	title = "{SecuritySpace's Web Survey}",
	note = "\url{http://www.securityspace.com/sspace/index.html} (last visited August 2008)"
}

@misc{w5,
	title = "{MySQL Market Share}",
	note = "\url{http://www.mysql.com/why-mysql/marketshare/} (last visited August 2008)"
}

@misc{w6,
	title = "{RFC 2616, Hypertext Transfer Protocol -- HTTP/1.1}",
	note = "\url{http://www.ietf.org/rfc/rfc2616.txt} (last visited August 2008)"
}

@misc{w7,
	title = "{RFC 1321, The MD5 Message-Digest Algorithm}",
	note = "\url{http://tools.ietf.org/html/rfc1321} (last visited August 2008)"
}
